<?xml version="1.0" encoding="UTF-8"?><collection xmlns="http://www.loc.gov/MARC21/slim"><record><leader>00319nam--2200133-i-4500</leader><controlfield tag="001">000030907</controlfield><controlfield tag="002">20161230</controlfield><controlfield tag="005">20161230201038</controlfield><controlfield tag="008">060222s1000------------r-----000-0-eng-d</controlfield><datafield ind1=" " ind2=" " tag="080"><subfield code="a">543.51</subfield></datafield><datafield ind1=" " ind2=" " tag="100"><subfield code="a">Millard, Brian J</subfield></datafield><datafield ind1=" " ind2=" " tag="245"><subfield code="a">Quantitative mass spectrometry</subfield></datafield><datafield ind1=" " ind2=" " tag="260"><subfield code="a">London, Heyden, 1979. X+171p</subfield></datafield><datafield ind1=" " ind2=" " tag="852"><subfield code="a">46537</subfield></datafield></record></collection>